% -*-bibliografia.bib-*-
% Este fichero es parte de la plantilla LaTeX para
% la realización de Proyectos Final de Carrera, protejido
% bajo los términos de la licencia GFDL.
% Para más información, la licencia completa viene incluida en el
% fichero fdl-1.3.tex

% Copyright (C) 2009 Pablo Recio Quijano 

@book{Tuning:2003,
 author = {Gonzalez, Julia and Wagenaar Robert},
 title = {Tuning Educational Structures in Europe - Final Report - Pilot Project - Phase 1},
 year = {2003},
 isbn = {84-7485-869-0},
 publisher = {University of Deusto}
} 

@inproceedings{Chebil:2012,
        author={Chebil,H. and Girardot,J. and Courtin,C.},
        editor={ },
        year={2012},
        title={An ontology-based approach for sharing and analyzing learning trace corpora},
        booktitle={Proceedings - IEEE 6th International Conference on Semantic Computing, ICSC 2012},
        pages={101-108},
        url={www.scopus.com},
}

@book{Florian:2011,
        author={Florian,B. and Glahn,C. and Drachsler,H. and Specht,M. and Fabregat Gesa,R.},
        year={2011},
        title={Activity-based learner-models for learner monitoring and recommendations in moodle},
        series={Lecture Notes in Computer Science (including subseries Lecture Notes in Artificial Intelligence and Lecture Notes in Bioinformatics)},
        volume={6964 LNCS},
        pages={111-124},
        publisher={Springer Berlin Heidelberg}
}

@book{Balderas:2013,
        author={Balderas,A. and Ruiz-Rube,I. and Dodero,J. M. and Palomo-Duarte,M. and Berns,A.},
        year={2013},
        title={A generative computer language to customize online learning assessments},
        publisher={Springer Berlin Heidelberg},
        series={Lecture Notes in Computer Science (including subseries Lecture Notes in Artificial Intelligence and Lecture Notes in Bioinformatics)},
        volume={8095 LNCS},
        pages={591-592}
}

@article{vanDeursen:2000,
 author = {van Deursen, Arie and Klint, Paul and Visser, Joost},
 title = {Domain-specific languages: an annotated bibliography},
 journal = {SIGPLAN Not.},
 issue_date = {June 2000},
 volume = {35},
 number = {6},
 month = jun,
 year = {2000},
 issn = {0362-1340},
 pages = {26--36}
}
